<record><leader>00000cas a22000007a 4500</leader><controlfield tag="001">16619663</controlfield><controlfield tag="008">870831d18671869ohuwr ne      0    0eng d</controlfield><datafield ind1=" " ind2=" " tag="010"><subfield code="a">sn 87076629 </subfield></datafield><datafield ind1=" " ind2=" " tag="040"><subfield code="a">ONP</subfield><subfield code="b">eng</subfield><subfield code="c">ONP</subfield><subfield code="d">OCLCQ</subfield></datafield><datafield ind1=" " ind2=" " tag="042"><subfield code="a">msc</subfield></datafield><datafield ind1="0" ind2="0" tag="245"><subfield code="a">Defiance weekly express.</subfield></datafield><datafield ind1=" " ind2=" " tag="260"><subfield code="a">Defiance, O. [Ohio] :</subfield><subfield code="b">Francis Brooks</subfield></datafield><datafield ind1=" " ind2=" " tag="310"><subfield code="a">Weekly</subfield></datafield><datafield ind1="1" ind2=" " tag="362"><subfield code="a">Began with Dec. 6, 1867 issue; ceased in 1869?</subfield></datafield><datafield ind1=" " ind2=" " tag="588"><subfield code="a">Description based on: Vol. 1, no. 7 (Jan 17, 1868).</subfield></datafield><datafield ind1=" " ind2=" " tag="752"><subfield code="a">United States</subfield><subfield code="b">Ohio</subfield><subfield code="c">Defiance</subfield><subfield code="d">Defiance.</subfield></datafield><datafield ind1="0" ind2="0" tag="785"><subfield code="t">Defiance express (Defiance, Ohio : 1870)</subfield><subfield code="w">(DLC)sn 85026016</subfield></datafield></record>